%% This BibTeX bibliography file was created using BibDesk.
%% https://bibdesk.sourceforge.io/

%% Created for Fred Cheng at 2024-06-15 11:44:23 +0800 


%% Saved with string encoding Unicode (UTF-8) 



@book{friedberg2003linear,
	author = {Friedberg, S.H. and Insel, A.J. and Spence, L.E.},
	date-added = {2024-06-15 11:41:09 +0800},
	date-modified = {2024-06-15 11:42:45 +0800},
	edition = {4th ed.},
	publisher = {Pearson},
	title = {Linear Algebra},
	year = {2014},
	bdsk-url-1 = {https://books.google.co.jp/books?id=KyB0DAAAQBAJ}}

@book{folland1999,
	author = {Folland, Gerald B.},
	date-added = {2024-06-15 11:31:20 +0800},
	date-modified = {2024-06-15 11:44:12 +0800},
	edition = {2nd ed.},
	fseries = {Pure and Applied Mathematics. A Wiley-Interscience Series of Texts, Monographs and Tracts},
	isbn = {0-471-31716-0},
	keywords = {28-01,28A25,28A78,46-01,42-01,60-01},
	publisher = {John Wiley \& Sons},
	title = {Real analysis. {Modern} techniques and their applications.},
	year = {1999},
	zbl = {0924.28001},
	zbmath = {1324223}}

@book{axler2024,
	author = {Axler, Sheldon},
	date-added = {2024-06-15 10:56:09 +0800},
	date-modified = {2024-06-15 11:44:20 +0800},
	doi = {10.1007/978-3-031-41026-0},
	edition = {4th ed.},
	isbn = {9783031410260},
	issn = {2197-5604},
	journal = {Undergraduate Texts in Mathematics},
	publisher = {Springer},
	title = {Linear Algebra Done Right},
	url = {http://dx.doi.org/10.1007/978-3-031-41026-0},
	year = {2024},
	bdsk-url-1 = {http://dx.doi.org/10.1007/978-3-031-41026-0}}

@book{conway2007func,
	author = {Conway, John B.},
	date-added = {2024-06-16 17:16:08 +0800},
	date-modified = {2024-06-16 17:16:08 +0800},
	doi = {10.1007/978-1-4757-4383-8},
        edition = {2nd ed.},
	isbn = {9781475743838},
	issn = {0072-5285},
	journal = {Graduate Texts in Mathematics},
	publisher = {Springer},
	title = {A Course in Functional Analysis},
	url = {http://dx.doi.org/10.1007/978-1-4757-4383-8},
	year = {2007},
	bdsk-url-1 = {http://dx.doi.org/10.1007/978-1-4757-4383-8}}
