@book{folland1999,
	author = {Folland, Gerald B.},
	date-added = {2024-06-15 11:31:20 +0800},
	date-modified = {2024-06-15 11:44:12 +0800},
	edition = {2nd ed.},
	fseries = {Pure and Applied Mathematics. A Wiley-Interscience Series of Texts, Monographs and Tracts},
	isbn = {0-471-31716-0},
	keywords = {28-01,28A25,28A78,46-01,42-01,60-01},
	publisher = {John Wiley \& Sons},
	title = {Real analysis. {Modern} techniques and their applications.},
	year = {1999},
	zbl = {0924.28001},
	zbmath = {1324223}}

@book{Ambrosio_2011,
	author = {Ambrosio, Luigi and Da Prato, Giuseppe and Mennucci, Andrea},
	date-added = {2024-08-29 18:48:51 +0800},
	date-modified = {2024-08-29 18:48:51 +0800},
	doi = {10.1007/978-88-7642-386-4},
	isbn = {9788876423864},
	publisher = {Edizioni della Normale},
	title = {Introduction to Measure Theory and Integration},
	url = {http://dx.doi.org/10.1007/978-88-7642-386-4},
	year = {2011},
	bdsk-url-1 = {http://dx.doi.org/10.1007/978-88-7642-386-4}}


@book{Durrett_2019,
	author = {Durrett, Rick},
	date-added = {2024-08-29 19:09:28 +0800},
	date-modified = {2024-08-29 19:09:28 +0800},
	doi = {10.1017/9781108591034},
	isbn = {9781108473682},
	month = apr,
	publisher = {Cambridge University Press},
	title = {Probability: Theory and Examples},
	url = {http://dx.doi.org/10.1017/9781108591034},
	year = {2019}}


@book{billingsley1995probability,
	author = {Billingsley, P.},
	date-added = {2024-08-29 19:22:35 +0800},
	date-modified = {2024-08-29 19:22:35 +0800},
	isbn = {9780471007104},
	lccn = {gb95051456},
	publisher = {Wiley},
	series = {Wiley Series in Probability and Statistics},
	title = {Probability and Measure},
	url = {https://books.google.com.hk/books?id=z39jQgAACAAJ},
	year = {1995}}

@book{Bogachev_2007,
	author = {Bogachev, Vladimir I.},
	date-added = {2024-08-29 19:32:38 +0800},
	date-modified = {2024-08-29 19:32:38 +0800},
	doi = {10.1007/978-3-540-34514-5},
	isbn = {9783540345145},
	publisher = {Springer Berlin Heidelberg},
	title = {Measure Theory},
	url = {http://dx.doi.org/10.1007/978-3-540-34514-5},
	year = {2007}}

@book{Bogachev_2020,
	author = {Bogachev, Vladimir I. and Smolyanov, Oleg G.},
	date-added = {2024-08-29 20:45:53 +0800},
	date-modified = {2024-08-29 20:45:53 +0800},
	doi = {10.1007/978-3-030-38219-3},
	isbn = {9783030382193},
	issn = {2522-0322},
	journal = {Moscow Lectures},
	publisher = {Springer International Publishing},
	title = {Real and Functional Analysis},
	url = {http://dx.doi.org/10.1007/978-3-030-38219-3},
	year = {2020}}

